<record><leader>00000cas a22000007a 4500</leader><controlfield tag="001">15279156</controlfield><controlfield tag="008">870306d19551966inuwr ne      0    0eng d</controlfield><datafield ind1=" " ind2=" " tag="010"><subfield code="a">sn 87055439 </subfield></datafield><datafield ind1=" " ind2=" " tag="040"><subfield code="a">NPI</subfield><subfield code="b">eng</subfield><subfield code="c">NPI</subfield><subfield code="d">OCLCQ</subfield><subfield code="d">IUL</subfield><subfield code="d">OCLCF</subfield></datafield><datafield ind1=" " ind2=" " tag="042"><subfield code="a">msc</subfield></datafield><datafield ind1=" " ind2=" " tag="043"><subfield code="a">n-us-in</subfield></datafield><datafield ind1="0" ind2="4" tag="245"><subfield code="a">The Tri-county news, and the Waveland independent.</subfield></datafield><datafield ind1="3" ind2="0" tag="246"><subfield code="a">Tri-county news</subfield></datafield><datafield ind1=" " ind2=" " tag="260"><subfield code="a">Waveland, Ind. :</subfield><subfield code="b">Max Harvey,</subfield><subfield code="c">-1966.</subfield></datafield><datafield ind1=" " ind2=" " tag="300"><subfield code="a">volumes</subfield></datafield><datafield ind1=" " ind2=" " tag="310"><subfield code="a">Weekly</subfield></datafield><datafield ind1="1" ind2=" " tag="362"><subfield code="a">Began with Sept. 15, 1955 issue.</subfield></datafield><datafield ind1="0" ind2=" " tag="362"><subfield code="a">-v. 77, no. 27 (Aug. 25, 1966).</subfield></datafield><datafield ind1=" " ind2=" " tag="500"><subfield code="a">Also published as: Tri-county news, June 16-July 21, 1960.</subfield></datafield><datafield ind1=" " ind2=" " tag="588"><subfield code="a">Description based on: Vol. 68, no. 36 (Sept. 22, 1955).</subfield></datafield><datafield ind1=" " ind2="0" tag="651"><subfield code="a">Waveland (Ind.)</subfield><subfield code="v">Newspapers.</subfield></datafield><datafield ind1=" " ind2="0" tag="651"><subfield code="a">Montgomery County (Ind.)</subfield><subfield code="v">Newspapers.</subfield></datafield><datafield ind1=" " ind2="7" tag="651"><subfield code="a">Indiana</subfield><subfield code="z">Montgomery County.</subfield><subfield code="2">fast</subfield><subfield code="0">(OCoLC)fst01208888</subfield></datafield><datafield ind1=" " ind2="7" tag="651"><subfield code="a">Indiana</subfield><subfield code="z">Waveland.</subfield><subfield code="2">fast</subfield><subfield code="0">(OCoLC)fst01257832</subfield></datafield><datafield ind1=" " ind2="7" tag="655"><subfield code="a">Newspapers.</subfield><subfield code="2">fast</subfield><subfield code="0">(OCoLC)fst01423814</subfield></datafield><datafield ind1=" " ind2=" " tag="752"><subfield code="a">United States</subfield><subfield code="b">Indiana</subfield><subfield code="c">Montgomery</subfield><subfield code="d">Waveland.</subfield></datafield><datafield ind1="0" ind2="0" tag="780"><subfield code="t">Waveland independent</subfield><subfield code="w">(DLC)sn 87055438</subfield><subfield code="w">(OCoLC)15277981</subfield></datafield><datafield ind1="0" ind2="0" tag="785"><subfield code="t">Tri-county news (Waveland, Ind.)</subfield><subfield code="w">(DLC)sn 87055440</subfield><subfield code="w">(OCoLC)15279332</subfield></datafield></record>